@article{garcia2014empirical,
  title={An empirical comparison of botnet detection methods},
  author={Garcia, Sebastian and Grill, Martin and Stiborek, Jan and Zunino, Alejandro},
  journal={Computers \& Security},
  volume={45},
  pages={100--123},
  year={2014},
  publisher={Elsevier}
}

@inproceedings{ramanan2017discriminative,
  title={Discriminative Boosted Bayes Networks for Learning Multiple Cardiovascular Procedures},
  author={Ramanan, Nandini and Yang, Shuo and Grannis, Shaun and Natarajan, Sriraam},
  booktitle={2017 IEEE International Conference on Bioinformatics and Biomedicine (BIBM)},
  pages={870--873},
  year={2017},
  organization={IEEE}
}
